<?xml version="1.0" encoding="UTF-8"?><collection xmlns="http://www.loc.gov/MARC21/slim"><record><leader>00788nam--2200217-u-4500</leader><controlfield tag="001">000053310</controlfield><controlfield tag="002">20161230</controlfield><controlfield tag="005">20161230201051</controlfield><controlfield tag="008">110204s1000------------r-----000-0-eng-d</controlfield><datafield ind1=" " ind2=" " tag="020"><subfield code="a">0817636048</subfield></datafield><datafield ind1=" " ind2=" " tag="040"><subfield code="a">IFIN-HH</subfield></datafield><datafield ind1=" " ind2=" " tag="080"><subfield code="a">535.42:535.13:517.9</subfield></datafield><datafield ind1="1" ind2=" " tag="100"><subfield code="a">Sommerfeld,Arnold</subfield></datafield><datafield ind1="1" ind2="0" tag="245"><subfield code="a">Mathematical theory of diffraction</subfield><subfield code="c">Arnold sommerfeld (author); raymmond j. nagem; mario zampoli; guido sandri (translators)</subfield></datafield><datafield ind1=" " ind2=" " tag="260"><subfield code="a">BERLIN</subfield><subfield code="b">Birkhauser</subfield><subfield code="c">2004</subfield></datafield><datafield ind1=" " ind2=" " tag="300"><subfield code="a">157P</subfield></datafield><datafield ind1=" " ind2=" " tag="490"><subfield code="a">Progress In Mathematical Physics</subfield><subfield code="v">Vol. 35</subfield></datafield><datafield ind1=" " ind2=" " tag="500"><subfield code="a">Based on the original German edition, Mathematische Theorie der Diffraction, appearing in Mathematische Annalen 47 (1896), 317-374, Springer-Verlag</subfield></datafield><datafield ind1=" " ind2="0" tag="650"><subfield code="a">Diffraction</subfield></datafield><datafield ind1=" " ind2=" " tag="852"><subfield code="a">81748</subfield><subfield code="c">535</subfield></datafield><datafield ind1=" " ind2=" " tag="CAT"><subfield code="a">Sys</subfield><subfield code="c">20110204</subfield><subfield code="h">114236</subfield></datafield></record></collection>